@article{federalIssues,
  author       = {Jonathan Finkelstein and Erin Knight and Susan Manning},
  title        = {Digital Badges: A Brief Landscape Review},
  year         = {2013},
  month        = {7},
  organization = {American Institutes for Research},
  publisher    = {American Institutes for Research},
  address      = {1000 Thomas Jefferson St., NW, Washington, DC 20007},
  note         = {Available online at: \url{http://lincs.ed.gov/publications/pdf/AIR_Digital_Badge_Report_508.pdf}},
  keywords     = {Digital Badges, Informational Material},
}

@article{Stefaniak_and_Carey,
author = {Stefaniak, Jill and Carey, Kimberly},
year = {2019},
month = {12},
pages = {},
title = {Instilling purpose and value in the implementation of digital badges in higher education},
volume = {16},
journal = {International Journal of Educational Technology in Higher Education},
doi = {10.1186/s41239-019-0175-9}
}

@article{FunaAndAaron,
author = {Funa, Aaron},
year = {2024},
month = {06},
pages = {107-127},
title = {DIGITAL BADGES AS REWARDS IN SCIENCE EDUCATION: STUDENTS' PERCEPTIONS AND EXPERIENCES},
volume = {14},
journal = {Dalat University Journal of Science},
doi = {10.37569/DalatUniversity.14.2.1212(2024)}
}

@inproceedings{definition,
author = {Deterding, Sebastian and Dixon, Dan and Khaled, Rilla and Nacke, Lennart},
year = {2011},
month = {09},
pages = {9-15},
title = {From Game Design Elements to Gamefulness: Defining Gamification},
volume = {11},
journal = {Proceedings of the 15th International Academic MindTrek Conference: Envisioning Future Media Environments, MindTrek 2011},
doi = {10.1145/2181037.2181040}
}

@inbook{WoodLincoln,
author = {Wood, Lincoln and Reiners, Torsten},
year = {2015},
month = {01},
pages = {3039-3047},
title = {Gamification},
isbn = {1466658886},
doi = {10.4018/978-1-4666-5888-2.ch297}
}

@article{brandAttitude,
title = {Examining the impact of gamification on intention of engagement and brand attitude in the marketing context},
journal = {Computers in Human Behavior},
volume = {73},
pages = {459-469},
year = {2017},
issn = {0747-5632},
doi = {https://doi.org/10.1016/j.chb.2017.03.066},
url = {https://www.sciencedirect.com/science/article/pii/S0747563217302261},
author = {Yang Yang and Yousra Asaad and Yogesh Dwivedi},
keywords = {Gamification, TAM, Brand attitude, Engagement}
}

@book{definition2,
author = {Kapp, Karl},
year = {2012},
month = {01},
pages = {},
title = {The gamification of learning and instruction: Game-based methods and strategies for training and education. San Francisco, CA: Pfeiffer},
isbn = {9781118096345}
}

@article{redefinition,
author = {Huotari, Kai and Hamari, Juho},
year = {2017},
month = {02},
pages = {21-31},
title = {A definition for gamification: anchoring gamification in the service marketing literature},
volume = {27},
journal = {Electronic Markets},
doi = {10.1007/s12525-015-0212-z}
}

@inproceedings{bookOnEngagement,
  title={Gamification by Design - Implementing Game Mechanics in Web and Mobile Apps},
  author={Gabe Zichermann and Christopher Cunningham},
  year={2011},
  url={https://api.semanticscholar.org/CorpusID:40320633}
}

@book{sdt,
  title={Intrinsic motivation and self-determination in human behavior},
  author={Deci, Edward L. and Ryan, Richard M.},
  series={Perspectives in social psychology},
  edition={Softcover reprint of the original 1st ed. 1985},
  year={2014},
  publisher={Springer Science+Business Media},
  address={New York},
  note={XV, 371 Seiten ; 24 cm},
  isbn={9781489922731},
  url={https://worldcat.org/title/930653832}
}

@article{MEKLER2017525,
title = {Towards understanding the effects of individual gamification elements on intrinsic motivation and performance},
journal = {Computers in Human Behavior},
volume = {71},
pages = {525-534},
year = {2017},
issn = {0747-5632},
doi = {https://doi.org/10.1016/j.chb.2015.08.048},
url = {https://www.sciencedirect.com/science/article/pii/S0747563215301229},
author = {Elisa D. Mekler and Florian Brühlmann and Alexandre N. Tuch and Klaus Opwis},
keywords = {Gamification, Motivation, Self-determination theory}
}

@inbook{flow,
author = {Csikszentmihalyi, Mihaly},
year = {1990},
month = {01},
pages = {},
title = {Flow: The Psychology of Optimal Experience}
}

@inproceedings{doesItWork,
author = {Hamari, Juho and Koivisto, Jonna and Sarsa, Harri},
year = {2014},
month = {01},
pages = {},
title = {Does Gamification Work? — A Literature Review of Empirical Studies on Gamification},
journal = {Proceedings of the Annual Hawaii International Conference on System Sciences},
doi = {10.1109/HICSS.2014.377}
}

@article{VR,
AUTHOR = {Chernbumroong, Suepphong and Ariya, Pakinee and Yolthasart, Suratchanee and Wongwan, Natchaya and Intawong, Kannikar and Puritat, Kitti},
TITLE = {Comparing the Impact of Non-Gamified and Gamified Virtual Reality in Digital Twin Virtual Museum Environments: A Case Study of Wieng Yong House Museum, Thailand},
JOURNAL = {Heritage},
VOLUME = {7},
YEAR = {2024},
NUMBER = {4},
PAGES = {1870--1892},
URL = {https://www.mdpi.com/2571-9408/7/4/89},
ISSN = {2571-9408},
DOI = {10.3390/heritage7040089}
}

@article{gamifiedChart,
  author    = {Rodrigo Smiderle and Sandro José Rigo and Leonardo B. Marques and Jorge Arthur Peçanha de Miranda Coelho and Patricia A. Jaques},
  title     = {The impact of gamification on students’ learning, engagement and behavior based on their personality traits},
  journal   = {Smart Learning Environments},
  year      = {2020},
  volume    = {7},
  number    = {1},
  pages     = {3},
  doi       = {10.1186/s40561-019-0098-x},
  url       = {https://doi.org/10.1186/s40561-019-0098-x},
  issn      = {2196-7091}
}

@article{gameon,
author = {Robson, Karen and Plangger, Kirk and Kietzmann, Jan and McCarthy, Ian and Pitt, Leyland},
year = {2015},
month = {08},
pages = {},
title = {Game on: Engaging customers and employees through gamification},
volume = {59},
journal = {Business Horizons},
doi = {10.1016/j.bushor.2015.08.002}
}

@article{badges,
title = {Do badges increase user activity? A field experiment on the effects of gamification},
journal = {Computers in Human Behavior},
volume = {71},
pages = {469-478},
year = {2017},
issn = {0747-5632},
doi = {https://doi.org/10.1016/j.chb.2015.03.036},
url = {https://www.sciencedirect.com/science/article/pii/S0747563215002265},
author = {Juho Hamari},
keywords = {Gamification, Badges, Achievements, Game design, Persuasive technology, Engagement}
}

@inproceedings{nicholson2015,
  author    = {Nicholson, Scott},
  title     = {A User-Centered Theoretical Framework for Meaningful Gamification},
  booktitle = {Games, Learning, and Society 8.0},
  year      = {2012},
  month     = {01},
}

@article{UXdesign,
    author = {Redacción Aguayo},
    title = {Gamification in Digital Product Design: Strategies to Enhance User Experience.},
    journal = {Aguayo},
    year = {2023}
}

@article{sustainability,
author = {Lu, Hsi-Peng and Ho, Hui-Chen},
year = {2020},
month = {05},
pages = {4169},
title = {Exploring the Impact of Gamification on Users’ Engagement for Sustainable Development: A Case Study in Brand Applications},
volume = {12},
journal = {Sustainability},
doi = {10.3390/su12104169}
}

@article{roleOfMobile,
title = {Enhancing user engagement: The role of gamification in mobile apps},
journal = {Journal of Business Research},
volume = {132},
pages = {170-185},
year = {2021},
issn = {0148-2963},
doi = {https://doi.org/10.1016/j.jbusres.2021.04.028},
url = {https://www.sciencedirect.com/science/article/pii/S0148296321002666},
author = {Paula Bitrián and Isabel Buil and Sara Catalán},
keywords = {User engagement, Gamification, Mobile apps, Self-system model of motivational development}
}

@article{userEngagement,
author = {Darejeh, Ali and Salim, Siti Salwah},
year = {2016},
month = {05},
pages = {},
title = {Gamification Solutions to Enhance Software User Engagement – A Systematic Review},
journal = {International Journal of Human-Computer Interaction},
doi = {10.1080/10447318.2016.1183330}
}

@article{gamificationEngagement,
author = {Suh, Ayoung and Wagner, Christian and Liu, Lili},
year = {2016},
month = {10},
pages = {1-10},
title = {Enhancing User Engagement through Gamification},
volume = {58},
journal = {Journal of Computer Information Systems},
doi = {10.1080/08874417.2016.1229143}
}

@article{GibsonBadges,
author = {Gibson, David and Ostashewski, Nathaniel and Flintoff, Kim and Grant, Sheryl and Knight, Erin},
year = {2013},
month = {06},
pages = {1-8},
title = {Digital badges in education},
volume = {20},
journal = {Educ Inf Technol},
doi = {10.1007/s10639-013-9291-7}
}

@article{Bowen02012014,
author = {Kyle Bowen and Andrea Thomas},
title = {Badges: A Common Currency for Learning},
journal = {Change: The Magazine of Higher Learning},
volume = {46},
number = {1},
pages = {21--25},
year = {2014},
publisher = {Routledge},
doi = {10.1080/00091383.2014.867206},
URL = {https://doi.org/10.1080/00091383.2014.867206},
}

@article{credentialsBadges,
author = {Casilli, Carla and Hickey, Daniel},
year = {2016},
month = {03},
pages = {117-129},
title = {Transcending conventional credentialing and assessment paradigms with information-rich digital badges},
volume = {32},
journal = {The Information Society},
doi = {10.1080/01972243.2016.1130500}
}

@article{areBadgesUseful,
  author    = {Abramovich, S. and Schunn, C. and Higashi, R. M.},
  title     = {Are badges useful in education?: it depends upon the type of badge and expertise of learner},
  journal   = {Education Technology Research and Development},
  year      = {2013},
  volume    = {61},
  number    = {2},
  pages     = {217--232},
  doi       = {10.1007/s11423-013-9289-2},
  url       = {https://doi.org/10.1007/s11423-013-9289-2},
  publisher = {Springer}
}

@article{higherRates,
author = {He, Shi-Jen},
year = {2017},
month = {01},
pages = {1092-1116},
title = {The Effectiveness of Digital Badges on Student Online Contributions},
volume = {54},
journal = {Journal of Educational Computing Research},
doi = {10.1177/0735633116649374}
}

@article{whatIsAnOpenBadge,
title={Value of Open Microcredentials to Earners and Issuers: A Case Study of National Instruments Open Badges},
volume={20},
url={https://www.irrodl.org/index.php/irrodl/article/view/4345},
DOI={10.19173/irrodl.v20i5.4345},
number={5},
journal={The International Review of Research in Open and Distributed Learning},
author={Young, Danny and West, Richard Edward and Nylin, Travis Ann},
year={2019},
month={5},
pages={104–121}
}

@article{risquez2020badge,
  author    = {Risquez, A. and Cassidy, D. and Ó Súilleabháin, G.},
  title     = {Badge of honour? An exploration of the use of digital badges to support a partnership approach to faculty development},
  journal   = {Australasian Journal of Educational Technology},
  year      = {2020},
  volume    = {36},
  number    = {5},
  pages     = {18--29},
  doi       = {10.14742/ajet.6112},
  url       = {https://doi.org/10.14742/ajet.6112}
}

@article{powerFeedback,
 ISSN = {00346543, 19351046},
 URL = {http://www.jstor.org/stable/4624888},
 author = {John Hattie and Helen Timperley},
 journal = {Review of Educational Research},
 number = {1},
 pages = {81--112},
 publisher = {[Sage Publications, Inc., American Educational Research Association]},
 title = {The Power of Feedback},
 urldate = {2025-01-12},
 volume = {77},
 year = {2007}
}

@inproceedings{fogg,
author = {Fogg, BJ},
title = {A behavior model for persuasive design},
year = {2009},
isbn = {9781605583761},
publisher = {Association for Computing Machinery},
address = {New York, NY, USA},
url = {https://doi.org/10.1145/1541948.1541999},
doi = {10.1145/1541948.1541999},
booktitle = {Proceedings of the 4th International Conference on Persuasive Technology},
articleno = {40},
numpages = {7},
location = {Claremont, California, USA},
series = {Persuasive '09}
}

@article{mobileDesign,
author = {Prakash, Bhanu},
year = {2020},
month = {12},
pages = {},
title = {Retrofitting Mobile First Design, Responsive Design: Driving Factors, Approach, Best Practices and Design Considerations},
volume = {2},
journal = {Current Trends in Computer Sciences and Applications},
doi = {10.32474/CTCSA.2020.02.000131}
}

@online{research2025mobileusage,
author       = {{Research.com}},
title        = {Mobile vs Desktop Usage Statistics for 2025},
year         = {2025},
url          = {https://research.com/software/guides/mobile-vs-desktop-usage},
}

@article{reduceDistraction,
author = {Plass, Jan and Homer, Bruce and Kinzer, Charles},
year = {2015},
month = {10},
pages = {258-283},
title = {Foundations of Game-Based Learning},
volume = {50},
journal = {Educational Psychologist},
doi = {10.1080/00461520.2015.1122533}
}

@unpublished{me2024,
author       = {Mindaugas Kazlavickas},
title        = {Gamification in Web Development},
howpublished = {Internal academic report, Technische Hochschule Mittelhessen},
year         = {2024},
month = {9},
note = {Confidential report and not publicly available due to client concerns.}
}

@article{90increasedLearning,
author = {Chow, Alan and Woodford, Kelly and Maes, Jeanne},
year = {2011},
month = {03},
pages = {259-264},
title = {Deal or No Deal: using games to improve student learning, retention and decision-making},
volume = {42},
journal = {International Journal of Mathematical Education in Science and Technology},
doi = {10.1080/0020739X.2010.519796}
}